<record><leader>00000cas a2200000 a 4500</leader><controlfield tag="001">232117723</controlfield><controlfield tag="006">m     o  d        </controlfield><controlfield tag="007">cr |n|||||||||</controlfield><controlfield tag="008">811105d18372008mdudr n o     0    0eng c</controlfield><datafield ind1=" " ind2=" " tag="010"><subfield code="a">  2011263090</subfield></datafield><datafield ind1=" " ind2=" " tag="040"><subfield code="a">Nz</subfield><subfield code="b">eng</subfield><subfield code="c">UX0</subfield><subfield code="d">OCLCQ</subfield><subfield code="d">TXU</subfield><subfield code="d">GBT</subfield><subfield code="d">TXA</subfield><subfield code="d">OCLCQ</subfield><subfield code="d">OCLCF</subfield></datafield><datafield ind1=" " ind2=" " tag="019"><subfield code="a">52767517</subfield><subfield code="a">173398471</subfield><subfield code="a">173414932</subfield><subfield code="a">173424800</subfield></datafield><datafield ind1=" " ind2=" " tag="022"><subfield code="y">1930-8965</subfield><subfield code="l">1930-8965</subfield></datafield><datafield ind1="0" ind2=" " tag="029"><subfield code="a">NZ1</subfield><subfield code="b">12141601</subfield></datafield><datafield ind1="1" ind2=" " tag="029"><subfield code="a">AU@</subfield><subfield code="b">000044929055</subfield></datafield><datafield ind1="1" ind2=" " tag="029"><subfield code="a">AU@</subfield><subfield code="b">000045716533</subfield></datafield><datafield ind1="1" ind2=" " tag="029"><subfield code="a">AU@</subfield><subfield code="b">000046633854</subfield></datafield><datafield ind1="1" ind2=" " tag="029"><subfield code="a">NZ1</subfield><subfield code="b">15962649</subfield></datafield><datafield ind1=" " ind2=" " tag="037"><subfield code="b">A.S. Abell Company, 50l N. Calvert St., Baltimore, MD 21203</subfield></datafield><datafield ind1=" " ind2=" " tag="037"><subfield code="b">The Baltimore Sun Company, 501 N. Calvert Street, P.0. Box 1377, Baltimore, Maryland 21278</subfield></datafield><datafield ind1=" " ind2=" " tag="042"><subfield code="a">pcc</subfield></datafield><datafield ind1=" " ind2=" " tag="043"><subfield code="a">n-us-md</subfield></datafield><datafield ind1="0" ind2=" " tag="130"><subfield code="a">Sun (Baltimore, Md. : 1837)</subfield></datafield><datafield ind1="1" ind2="4" tag="245"><subfield code="a">The sun</subfield><subfield code="h">[electronic resource].</subfield></datafield><datafield ind1="1" ind2=" " tag="246"><subfield code="i">Published on Sundays Nov. 15, 1914-1983 as:</subfield><subfield code="a">Sunday sun</subfield></datafield><datafield ind1="1" ind2=" " tag="246"><subfield code="a">Baltimore sun</subfield></datafield><datafield ind1=" " ind2=" " tag="260"><subfield code="a">Baltimore :</subfield><subfield code="b">A.S. Abell Co.,</subfield><subfield code="c">[1837]-</subfield></datafield><datafield ind1=" " ind2=" " tag="310"><subfield code="a">Daily,</subfield><subfield code="b">Oct. 6, 1901-</subfield></datafield><datafield ind1=" " ind2=" " tag="321"><subfield code="a">Daily (except Sunday),</subfield><subfield code="b">1837-Oct. 5, 1901</subfield></datafield><datafield ind1="1" ind2=" " tag="362"><subfield code="a">Began with: Vol. 1, no. 1 (May 17, 1837); ceased with 171st year, no. 236 (Aug. 23, 2008).</subfield></datafield><datafield ind1=" " ind2=" " tag="500"><subfield code="a">Published &lt;2000-&gt;: Tribune Co.</subfield></datafield><datafield ind1=" " ind2=" " tag="515"><subfield code="a">Sunday issues have own numbering.</subfield></datafield><datafield ind1=" " ind2=" " tag="515"><subfield code="a">Suspended Apr. 20-May 26, 1965; Jan. 3-Mar. 17, 1970.</subfield></datafield><datafield ind1=" " ind2=" " tag="580"><subfield code="a">Weekly ed.: Baltimore weekly sun, &lt;1839-1903&gt;.</subfield></datafield><datafield ind1=" " ind2=" " tag="538"><subfield code="a">Mode of access: World Wide Web.</subfield></datafield><datafield ind1=" " ind2=" " tag="588"><subfield code="a">Description based on: Vol. 1, no. 1 (May 17, 1837); title from digitized p. 1 banner (ProQuest, viewed Feb. 6, 2011).</subfield></datafield><datafield ind1=" " ind2=" " tag="588"><subfield code="a">Latest issue consulted: Vol. 298, no. 38 (Dec. 31, 1985) (ProQuest, viewed Feb. 6, 2011).</subfield></datafield><datafield ind1=" " ind2="0" tag="651"><subfield code="a">Baltimore (Md.)</subfield><subfield code="v">Newspapers.</subfield></datafield><datafield ind1=" " ind2="7" tag="655"><subfield code="a">Newspapers.</subfield><subfield code="2">fast</subfield><subfield code="0">(OCoLC)fst01423814</subfield></datafield><datafield ind1=" " ind2="7" tag="651"><subfield code="a">Maryland</subfield><subfield code="z">Baltimore.</subfield><subfield code="2">fast</subfield><subfield code="0">(OCoLC)fst01204292</subfield></datafield><datafield ind1=" " ind2=" " tag="752"><subfield code="a">United States</subfield><subfield code="b">Maryland</subfield><subfield code="d">Baltimore.</subfield></datafield><datafield ind1="0" ind2=" " tag="775"><subfield code="t">Evening sun (Baltimore, Md.)</subfield></datafield><datafield ind1="1" ind2=" " tag="775"><subfield code="t">Baltimore weekly sun</subfield></datafield><datafield ind1="0" ind2="8" tag="776"><subfield code="i">Print version:</subfield><subfield code="t">Sun (Baltimore, Md. : 1837)</subfield><subfield code="w">(DLC)sn 83045682</subfield><subfield code="w">(OCoLC)7909813</subfield></datafield><datafield ind1="0" ind2="0" tag="785"><subfield code="t">Baltimore sun</subfield></datafield><datafield ind1="4" ind2="0" tag="856"><subfield code="u">http://proquest.umi.com/</subfield><subfield code="z">Available with the the ProQuest Historical Newspapers The Baltimore Sun</subfield></datafield><datafield ind1="4" ind2="0" tag="856"><subfield code="z">Full text available from LexisNexis Academic: 01/01/1994 to present</subfield><subfield code="u">http://cisweb.lexis-nexis.com/sourceselect/returnToSearch.asp?csisrc=144553&amp;after=0:ALL</subfield></datafield><datafield ind1="4" ind2="0" tag="856"><subfield code="z">Full text available from Newspaper Source: 05/24/2003 to present</subfield><subfield code="u">http://search.ebscohost.com/login.aspx?direct=true&amp;db=nfh&amp;scope=site&amp;jn=Baltimore+Sun,+The+(MD)</subfield></datafield></record>